101 081000032 1234567891908280951A094101Some Bank              Your Company Inc       #A000001
5220Your Company Inc                    0123456789WEBTrans DescSep 9 190909   1081000030000000
6220810002105654221          0000017500RAj##32b1kn1bb3Luke Skywalker        A10123456780000000
822000000100081000210000000000000000000175000123456789                         081000030000000
9000001000001000000010008100021000000000000000000017500                                       
9999999999999999999999999999999999999999999999999999999999999999999999999999999999999999999999
9999999999999999999999999999999999999999999999999999999999999999999999999999999999999999999999
9999999999999999999999999999999999999999999999999999999999999999999999999999999999999999999999
9999999999999999999999999999999999999999999999999999999999999999999999999999999999999999999999
9999999999999999999999999999999999999999999999999999999999999999999999999999999999999999999999